@book{Tulving83,
   author = {Endel Tulving},
   title = {Elements of Episodic Memory},
   year = {1983},
   publisher = {Clarendon Press}
}

@article{Nuxoll12,
   author = {Andrew M. Nuxoll and John E. Laird},
   title = {Enhancing intelligent agents with episodic memory},
   year = {2012},
   journal = {Cognitive Systems Research},
   volume = {17},
   pages = {34--48}
}

@book{Hopcroft06,
 author = {Hopcroft, John E. and Motwani, Rajeev and Ullman, Jeffrey D.},
 title = {Introduction to Automata Theory, Languages, and Computation (3rd Edition)},
 year = {2006},
 isbn = {0321455363},
 publisher = {Addison-Wesley Longman Publishing Co., Inc.},
 address = {Boston, MA, USA},
} 

@book{Russell09,
 author = {Russell, Stuart and Norvig, Peter},
 title = {Artificial Intelligence: A Modern Approach},
 year = {2009},
 isbn = {0136042597, 9780136042594},
 edition = {3rd},
 publisher = {Prentice Hall Press},
 address = {Upper Saddle River, NJ, USA},
} 

@article{Brooks76,
  title={What can amnesic patients learn?},
  author={Brooks, David N and Baddeley, AD},
  journal={Neuropsychologia},
  volume={14},
  number={1},
  pages={111--122},
  year={1976},
  publisher={Elsevier}
}

@inproceedings{Rodriguez17,
  title={The MaRz Algorithm: Towards an Artificial General Episodic Learner},
  author={Rodriguez, Christian and Marston, Giselle and Goolkasian, William and Rosenberg, Ashley and Nuxoll, Andrew},
  booktitle={International Conference on Artificial General Intelligence},
  pages={154--163},
  year={2017},
  organization={Springer}
}

@inproceedings{Kearns99,
  title={Efficient reinforcement learning in factored MDPs},
  author={Kearns, Michael and Koller, Daphne},
  booktitle={IJCAI},
  volume={16},
  pages={740--747},
  year={1999}
}

@article{Brafman02,
  title={R-max-a general polynomial time algorithm for near-optimal reinforcement learning},
  author={Brafman, Ronen I and Tennenholtz, Moshe},
  journal={Journal of Machine Learning Research},
  volume={3},
  number={Oct},
  pages={213--231},
  year={2002}
}

@inproceedings{McCallumNSM95,
  title={Instance-based state identification for reinforcement learning},
  author={McCallum, R Andrew},
  booktitle={Advances in Neural Information Processing Systems},
  pages={377--384},
  year={1995}
}

@inproceedings{McCallumUSM95,
  author={Andrew McCallum},
  title={Instance-Based Utile Distinctions for Reinforcement Learning with Hidden State},
  year={1995},
  cdate={788918400000},
  pages={387-395},
  booktitle={ICML},
}

@inproceedings{Shani2005,
  title={Resolving perceptual aliasing in the presence of noisy sensors},
  author={Shani, Guy and Brafman, Ronen I},
  booktitle={Advances in Neural Information Processing Systems},
  pages={1249--1256},
  year={2005}
}


@article{Holland10,
author = {Holland, Owen and Marques, Hugo},
year = {2010},
month = {12},
pages = {},
title = {Functional embodied imagination and episodic memory},
volume = {02},
journal = {International Journal of Machine Consciousness},
doi = {10.1142/S1793843010000473}
}

@article{Brom08,
author = {Brom, Cyril and Lukavsky, Jiri},
year = {2008},
month = {01},
pages = {42-47},
title = {Episodic memory for human-like agents and human-like agents for episodic memory},
journal = {AAAI Fall Symposium - Technical Report}
}

@article{Chaudhry18,
  author    = {Arslan Chaudhry and
               Marc'Aurelio Ranzato and
               Marcus Rohrbach and
               Mohamed Elhoseiny},
  title     = {Efficient Lifelong Learning with {A-GEM}},
  journal   = {CoRR},
  volume    = {abs/1812.00420},
  year      = {2018},
  url       = {http://arxiv.org/abs/1812.00420},
  archivePrefix = {arXiv},
  eprint    = {1812.00420},
  timestamp = {Tue, 01 Jan 2019 15:01:25 +0100},
  biburl    = {https://dblp.org/rec/bib/journals/corr/abs-1812-00420},
  bibsource = {dblp computer science bibliography, https://dblp.org}
}

@inproceedings{Tecuci07,
author = {Tecuci, Dan and W. Porter, Bruce},
year = {2007},
month = {01},
pages = {152-157},
title = {A Generic Memory Module for Events.},
booktitle = {Twentieth International Florida Artificial Intelligence Research Society Conference, FLAIRS 2007},
publisher = {{AAAI} Press},
}

@patent{patent,
author = {Freed, Sam},
year = {2014},
month = {02},
pages = {},
title = {Controller with artificial intelligence based on selection from episodic memory and corresponding methods}
}

@inproceedings{Menager16,
  title={A Robust Implementation of Episodic Memory for a Cognitive Architecture},
  author={David M{\'e}nager and Dongkyu Choi},
  booktitle={CogSci},
  year={2016}
}

@article{Boloni11,
author = {B\"{o}l\"{o}ni, Ladislau},
year = {2011},
month = {01},
pages = {},
title = {An Investigation into the Utility of Episodic Memory for Cognitive Architectures},
journal = {AAAI Fall Symposium - Technical Report}
}

@inbook{Castro10,
author = {Castro, Elisa and Gudwin, Ricardo},
year = {2010},
month = {09},
pages = {393-406},
title = {An Episodic Memory Implementation for a Virtual Creature},
volume = {314},
journal = {Studies in Computational Intelligence},
organization={Springer},
publisher={Springer},
doi = {10.1007/978-3-642-15223-8_22}
}

@inproceedings{Chrisman92,
author = {Chrisman, Lonnie},
year = {1992},
month = {07},
pages = {183-188},
title = {Reinforcement Learning with Perceptual Aliasing:  The Perceptual Distinctions Approach.},
booktitle = {Proceedings of the Tenth National Conference on Artificial Intelligence, AAAI 1992},
publisher = {{AAAI} Press},
}

@article{Berry85,
  title={Bandit problems: sequential allocation of experiments (Monographs on statistics and applied probability)},
  author={Berry, Donald A and Fristedt, Bert},
  journal={London: Chapman and Hall},
  volume={5},
  pages={71--87},
  year={1985},
  publisher={Springer}
}

@book{Sutton98,
  title={Introduction to reinforcement learning},
  author={Sutton, Richard S and Barto, Andrew G and others},
  year={1998},
  publisher={MIT press Cambridge}
}

@article{Kearns02,
  title={Near-optimal reinforcement learning in polynomial time},
  author={Kearns, Michael and Singh, Satinder},
  journal={Machine learning},
  volume={49},
  number={2-3},
  pages={209--232},
  year={2002},
  publisher={Springer}
}


@inproceedings{Vermore05,
  title={Multi-armed bandit algorithms and empirical evaluation},
  author={Vermorel, Joannes and Mohri, Mehryar},
  booktitle={European conference on machine learning},
  pages={437--448},
  year={2005},
  organization={Springer}
}
